@article{absorbScattLight,
	title={Absorption and Scattering of Light by Small Particles },
	author={C. F. Bohren and D. R. Huffman},
	journal={Wiley},
	year={1983},
}
@article{pendry1999magnetism,
  title={Magnetism from conductors and enhanced nonlinear phenomena},
  author={Pendry and John B and Holden and Anthony J and Robbins and David J and Stewart and WJ},
  journal={IEEE Trans. Microw. Theory Tech.},
  volume={47},
  number={11},
  pages={2075--2084},
  year={1999},
  publisher={IEEE}
}
@article{schuller2009general,
  title={General properties of dielectric optical antennas},
  author={Schuller Jon A and Brongersma Mark L},
  journal={Opt. Express},
  volume={17},
  number={26},
  pages={24084--24095},
  year={2009},
  publisher={Optical Society of America}
}
@article{articleOptSi,
    author = {Evlyukhin and Andrey and Reinhardt and Carsten and Seidel and Andreas and Luk'yanchuk and Boris and Chichkov},
    year = {2010},
    month = {07},
    pages = {},
    title = {Optical response features of Si-nanoparticle arrays},
    volume = {82},
    journal = {Phys. Rev. B},
    doi = {10.1103/PhysRevB.82.045404}
}
@article{optScatDeilectrHightIndex,
	title={Optimum forward light scattering by spherical and spheroidal dielectric nanoparticles with high refractive index},
	author={B. S. Lukyanchuk and N. V. Voshchinnikov and R. Paniagua-Dominguez and A.I. Kuznetsov},
	journal={ACS Photon. 2},
	year={2015},
}
@article{kuznetsov2012luk,
  title={Luk, yanchuk, B},
  author={Kuznetsov and Arseniy I and Miroshnichenko and Andrey E and Fu and Yu H and Zhang and J},
  journal={Magnetic light. Sci. Rep},
  volume={2},
  number={7},
  pages={492},
  year={2012}
}
@article{shcherbakov2014enhanced,
  title={Enhanced third-harmonic generation in silicon nanoparticles driven by magnetic response},
  author={Shcherbakov Maxim R. and others},
  journal={Nano Lett.},
  volume={14},
  number={11},
  pages={6488--6492},
  year={2014},
  publisher={ACS Publications}
}
@article{yu2014flat,
  title={Flat optics with designer metasurfaces},
  author={Yu and Nanfang and Capasso and Federico},
  journal={Nat. Mater.},
  volume={13},
  number={2},
  pages={139--150},
  year={2014},
  publisher={Nature Publishing Group}
}
@article{lalanne1999design,
  title={Design and fabrication of blazed binary diffractive elements with sampling periods smaller than the structural cutoff},
  author={Lalanne and Philippe and Astilean and Simion and Chavel and Pierre and Cambril and Edmond and Launois and Huguette},
  journal={JOSA A},
  volume={16},
  number={5},
  pages={1143--1156},
  year={1999},
  publisher={Optical Society of America}
}
@article{lin2014dielectric,
  title={Dielectric gradient metasurface optical elements},
  author={Lin Dianmin and Fan Pengyu and Hasman Erez and Brongersmaand Mark L},
  journal={Science},
  volume={345},
  number={6194},
  pages={298--302},
  year={2014},
  publisher={American Association for the Advancement of Science}
}
@article{DiffLimFoc,
	title={ Metalenses at visible wavelengths: Diffraction-limited focusing and subwavelength resolution imaging},
	author={Khorasaninejad et al.},
	journal={Science },
	year={2016},
}
@article{decker2015high,
  title={High-efficiency dielectric Huygens’ surfaces},
  author={Decker Manuel and al.},
  journal={Adv. Opt. Mater.},
  volume={3},
  number={6},
  pages={813--820},
  year={2015},
  publisher={Wiley Online Library}
}
%10
@article{articleDirVi,
    author = {Fu Yuan Hsing and Kuznetsov Arseniy and Miroshnichenko Andrey and Yu Ye Feng and Luk'yanchuk Boris},
    year = {2013},
    month = {02},
    pages = {1527},
    title = {Directional visible light scattering by silicon nanoparticles},
    volume = {4},
    journal = {Nat. Commun},
    doi = {10.1038/ncomms2538}
}
@article{optScatShper,
	title={Optimum forward light scattering by spherical and spheroidal dielectric nanoparticles with high refractive index},
	author={B. S. Luk’yanchuk and N. V. Voshchinnikov and R. Paniagua-Dominguez and A. I. Kuznetsov},
	journal={ACS Photonics 2},
	year={2015},
}
@article{multLightScat,
	title={ Multipole light scattering by nonspherical nanoparticles in the discrete dipole approximation},
	author={A. B. Evlyukhin and C. Reinhardt and B. N. Chichkov},
	journal={Phys. Rev},
	year={2011},
}
@article{contrMagnModes,
	title={Controlling magnetic and electric dipole modes in hollow silicon nanocylinders},
	author={M. A. van de Haar and J. van de Groep and B. J. M. Brenny and A. Polman},
	journal={Phys. Rev},
	year={2016},
}
@article{nearInfrMR,
	title={Near-infrared trapped mode magnetic resonance in an all-dielectric metamaterial},
	author={J. Zhang and K. F. MacDonald and N. I. Zheludev},
	journal={Opt. Express},
	year={2013},
}
@article{person2013demonstration,
  title={Demonstration of zero optical backscattering from single nanoparticles},
  author={Person Steven and Jain Manish and Lapin Zachary and Senz Juan and Jose Wicks and Gary Novotny and Lukas},
  journal={Nano Lett.},
  volume={13},
  number={4},
  pages={1806--1809},
  year={2013},
  publisher={ACS Publications}
}
@article{spinelli2012broadband,
  title={Broadband omnidirectional antireflection coating based on subwavelength surface Mie resonators},
  author={Spinelli P and Verschuuren MA Polman},
  journal={Nat. Commun},
  volume={3},
  number={1},
  pages={1--5},
  year={2012},
  publisher={Nature Publishing Group}
}
@article{moitra2015large,
  title={Large-scale all-dielectric metamaterial perfect reflectors},
  author={Moitra Parikshit and Slovick and Brian A and Li Wei and Kravchencko Ivan I and Briggs Dayrl P and Krishnamurthy S and Valentine Jason},
  journal={Acs Photonics},
  volume={2},
  number={6},
  pages={692--698},
  year={2015},
  publisher={ACS Publications}
}
@article{polIndtSiDev,
	title={Polarization-independent silicon metadevices for efficient optical wavefront control},
	author={ K. E. Chong et al.},
	journal={Nano Lett},
	year={2015},
}
@article{shalaev2015high,
  title={High-efficiency all-dielectric metasurfaces for ultracompact beam manipulation in transmission mode},
  author={Shalaev Mikhail I and Sun Jingbo and Tsukernik Alexander and Pandey Apra and Nikolskiy Kirill and Litchinitser Natalia M},
  journal={Nano Lett.},
  volume={15},
  number={9},
  pages={6261--6266},
  year={2015},
  publisher={ACS Publications}
}
@article{nearRefcLayer,
	title={Nearly total omnidirectional reflection by a single layer of nanorods},
	author={ J. Du and Z. Lin and S. T. Chui and G. Dong and W. Zhang},
	journal={Phys. Rev. Lett. },
	year={2013},
}

@article{optMagnMirr,
	title={ Optical magnetic mirrors without metals},
	author={S. Liu et al.},
	journal={Optica 1 },
	year={2014},
}
@article{paniagua2016generalized,
  title={Generalized Brewster effect in dielectric metasurfaces},
  author={Paniagua-Domnguez Ramn and Yu Ye Feng and Miroshnichenko Andrey E and others},
  journal={Nat. Commun.},
  volume={7},
  number={1},
  pages={1--9},
  year={2016},
  publisher={Nature Publishing Group}
}
@article{cao2009engineering,
  title={Engineering light absorption in semiconductor nanowire devices},
  author={Cao Linyou White and Justin S and Park andJoon-Shik and Schuller andJon A and Clemens Bruce M and Brongersma Mark L},
  journal={Nat. Mater.},
  volume={8},
  number={8},
  pages={643--647},
  year={2009},
  publisher={Nature Publishing Group}
}
@article{cao2010resonant,
  title={Resonant germanium nanoantenna photodetectors},
  author={Cao and  Linyou and Park and Joon-Shik and Fan and Pengyu and Clemens and Bruce and Brongersma and Mark L},
  journal={Nano Lett.},
  volume={10},
  number={4},
  pages={1229--1233},
  year={2010},
  publisher={ACS Publications}
}
@article{pfeiffer2014efficient,
  title={Efficient light bending with isotropic metamaterial Huygens’ surfaces},
  author={Pfeiffer and Carl and Emani and Naresh K and Shaltout and Amr M and Boltasseva and Alexandra and Shalaev and Vladimir M and Grbic and  Anthony},
  journal={Nano Lett.},
  volume={14},
  number={5},
  pages={2491--2497},
  year={2014},
  publisher={ACS Publications}
}
@article{liu2018all,
  title={An all-dielectric metasurface as a broadband optical frequency mixer},
  author={Liu Sheng and Vabishchevich Polina P and Vaskin Aleksandr and Reno John L and Keeler Gordon A and Sinclair Michael B and Staude Isabelle and Brener Igal},
  journal={Nat. Commun.},
  volume={9},
  number={1},
  pages={1--6},
  year={2018},
  publisher={Nature Publishing Group}
}
@article{liu2016iii,
  title={III--V semiconductor nanoresonators—A new strategy for passive and active nonlinear all-dielectric metamaterials},
  author={Liu Sheng and Keeler Gordon A and Reno John L and Sinclair Michael B and Brener Igal},
  journal={Adv. Opt. Mater},
  volume={4},
  number={10},
  pages={1457--1462},
  year={2016},
  publisher={Wiley Online Library}
}
@article{wolf2015phased,
  title={Phased-array sources based on nonlinear metamaterial nanocavities},
  author={Wolf Omri and Campione Salvatore and others},
  journal={Nat. Commun},
  volume={6},
  number={1},
  pages={1--6},
  year={2015},
  publisher={Nature Publishing Group}
}
@article{novotny2011antennas,
  title={Antennas for light},
  author={Novotny Lukas and Van Hulst Niek},
  journal={Nat. Photon.},
  volume={5},
  number={2},
  pages={83--90},
  year={2011},
  publisher={Nature Publishing Group}
}
@article{sharma2012sers,
  title={SERS: Materials, applications, and the future},
  author={Sharma and Bhavya and Frontiera and Renee R and Henry, andAnne-Isabelle and Ringe and Emilie and Van Duyne, Richard P},
  journal={Mater. Today},
  volume={15},
  number={1-2},
  pages={16--25},
  year={2012},
  publisher={Elsevier}
}
@article{homola2008surface,
  title={Surface plasmon resonance sensors for detection of chemical and biological species},
  author={Homola, Ji},
  journal={Chem. Rev},
  volume={108},
  number={2},
  pages={462--493},
  year={2008},
  publisher={ACS Publications}
}
@article{chen1981surface,
  title={Surface-enhanced second-harmonic generation},
  author={Chen, CK and de Castro, A Re B and Shen, YR},
  journal={Phys. Rev. Lett. },
  volume={46},
  number={2},
  pages={145},
  year={1981},
  publisher={APS}
}
@article{wokaun1981surface,
  title={Surface second-harmonic generation from metal island films and microlithographic structures},
  author={Wokaun, A and Bergman, JG and Heritage, JP and Glass, AM and Liao, PF and Olson, DH},
  journal={Phys. Rev. B},
  volume={24},
  number={2},
  pages={849},
  year={1981},
  publisher={APS}
}
@article{grosse2012nonlinear,
  title={Nonlinear plasmon-photon interaction resolved by k-space spectroscopy},
  author={Grosse, Nicolai B and Heckmann, Jan and Woggon, Ulrike},
  journal={Phys. Rev. Lett.},
  volume={108},
  number={13},
  pages={136802},
  year={2012},
  publisher={APS}
}
@article{linden2012collective,
  title={Collective effects in second-harmonic generation from split-ring-resonator arrays},
  author={Linden, S and Niesler, FBP and F{\"o}rstner, Jens and Grynko, Yevgen and Meier, Torsten and Wegener, M},
  journal={Phys. Rev. Lett.},
  volume={109},
  number={1},
  pages={015502},
  year={2012},
  publisher={APS}
}
@article{mcmahon2006second,
  title={Second-harmonic generation from arrays of symmetric gold nanoparticles},
  author={McMahon, MD and Lopez, R and Haglund Jr, RF and Ray, EA and Bunton, PH},
  journal={Phys. Rev. B },
  volume={73},
  number={4},
  pages={041401},
  year={2006},
  publisher={APS}
}
@article{canfield2007local,
  title={Local field asymmetry drives second-harmonic generation in noncentrosymmetric nanodimers},
  author={Canfield, Brian K and Husu, Hannu and Laukkanen, Janne and Bai, Benfeng and Kuittinen, Markku and Turunen, Jari and Kauranen, Martti},
  journal={Nano Lett.},
  volume={7},
  number={5},
  pages={1251--1255},
  year={2007},
  publisher={ACS Publications}
}
@article{fan2006second,
  title={Second harmonic generation from a nanopatterned isotropic nonlinear material},
  author={Fan, Wenjun and Zhang, Shuang and Panoiu, N-C and Abdenour, A and Krishna, S and Osgood, RM and Malloy, KJ and Brueck, SRJ},
  journal={Nano Lett. },
  volume={6},
  number={5},
  pages={1027--1030},
  year={2006},
  publisher={ACS Publications}
}
@article{genevet2010large,
  title={Large enhancement of nonlinear optical phenomena by plasmonic nanocavity gratings},
  author={Genevet Patrice Tetienne and Jean-Philippe Gatzogiannis and overs},
  journal={Nano Lett. },
  volume={10},
  number={12},
  pages={4880--4883},
  year={2010},
  publisher={ACS Publications}
}
@article{kim2008high,
  title={High-harmonic generation by resonant plasmon field enhancement},
  author={Kim, Seungchul and Jin, Jonghan and Kim, Young-Jin and Park, In-Yong and Kim, Yunseok and Kim, Seung-Woo},
  journal={Nature},
  volume={453},
  number={7196},
  pages={757--760},
  year={2008},
  publisher={Nature Publishing Group}
}
@article{mftiOpt,
  title={Оптические моды в линейных массивах диэлектрических сферических частиц. Численное исследование},
  author={И.Я. Полищук and М.И. Гозман and Т.Ф. Ломоносова},
  journal={Труды МФТИ},
  year={2009},
}
@article{kuznetsov2016optically,
  title={Optically resonant dielectric nanostructures},
  author={Kuznetsov, Arseniy I and Miroshnichenko, Andrey E and Brongersma, Mark L and Kivshar, Yuri S and Luk’yanchuk, Boris},
  journal={Science},
  volume={354},
  number={6314},
  pages={aag2472},
  year={2016},
  publisher={American Association for the Advancement of Science}
}
@article{achmanov2,
  title={Физическая оптика},
  author={С. А. Ахманов and С. Ю. Никитин},
  year={2004},
  publisher={МГУ им. Ломоносова}
}
@article{vabishchevich2018enhanced,
  title={Enhanced second-harmonic generation using broken symmetry III--V semiconductor fano metasurfaces},
  author={Vabishchevich, Polina P and Liu, Sheng and Sinclair, Michael B and Keeler, Gordon A and Peake, Gregory M and Brener, Igal},
  journal={Acs Photon.},
  volume={5},
  number={5},
  pages={1685--1690},
  year={2018},
  publisher={ACS Publications}
}
@article{mifi2015,
  title={Нелинейная оптика},
  author={Д.В. Сизман},
  journal={Учебно-методическое пособие МИФИ},
  year={2015},
}
